<?xml version="1.0" encoding="UTF-8"?><collection xmlns="http://www.loc.gov/MARC21/slim"><record><leader>00436nam--2200169-i-4500</leader><controlfield tag="001">000027302</controlfield><controlfield tag="002">20161230</controlfield><controlfield tag="005">20161230201036</controlfield><controlfield tag="008">060222s1000------------r-----000-0-eng-d</controlfield><datafield ind1=" " ind2=" " tag="040"><subfield code="a">IFIN-HH</subfield></datafield><datafield ind1=" " ind2=" " tag="080"><subfield code="a">802.0(075.8)</subfield></datafield><datafield ind1="1" ind2=" " tag="100"><subfield code="a">Kelly, Brian</subfield></datafield><datafield ind1="1" ind2="0" tag="245"><subfield code="a">An advancad english course for foreign students</subfield><subfield code="c">Brian kelly</subfield></datafield><datafield ind1=" " ind2=" " tag="260"><subfield code="a">London</subfield><subfield code="b">Longmans</subfield><subfield code="c">1957</subfield></datafield><datafield ind1=" " ind2=" " tag="300"><subfield code="a">XIII+434P</subfield></datafield><datafield ind1=" " ind2=" " tag="852"><subfield code="a">41874</subfield><subfield code="c">4</subfield></datafield><datafield ind1=" " ind2=" " tag="CAT"><subfield code="a">Sys</subfield><subfield code="c">20130205</subfield><subfield code="h">173329</subfield></datafield></record></collection>